[gd_scene load_steps=10 format=2]

[ext_resource path="res://assets/gdquest/assets/sparkle.png" type="Texture" id=1]
[ext_resource path="res://assets/gdquest/assets/puff.png" type="Texture" id=3]

[sub_resource type="Curve" id=1]
_data = [ Vector2( 0, 0.290223 ), 0.0, 3.6562, 0, 0, Vector2( 0.682482, 1 ), -0.0677277, -0.0677277, 0, 0, Vector2( 1, 0.554545 ), -0.29932, 0.0, 0, 0 ]

[sub_resource type="Gradient" id=2]
offsets = PoolRealArray( 0.0494297, 0.913043, 1 )
colors = PoolColorArray( 0.226562, 0.217086, 0.217086, 1, 0.133333, 0.12549, 0.12549, 1, 0.133333, 0.12549, 0.12549, 0 )

[sub_resource type="Curve" id=5]
_data = [ Vector2( 0, 0.0409091 ), 0.0, 8.35303, 0, 0, Vector2( 0.251678, 1 ), 0.0, 0.0, 0, 0, Vector2( 0.993289, 0.0136364 ), 0.0, 0.0, 0, 0 ]

[sub_resource type="Gradient" id=6]
offsets = PoolRealArray( 0, 0.256158, 0.596059, 0.842365, 1 )
colors = PoolColorArray( 0.831373, 0.219608, 0.219608, 0, 0.831373, 0.219608, 0.219608, 1, 0.980392, 0.419608, 0.211765, 1, 1, 0.788235, 0.309804, 1, 1, 1, 1, 1 )

[sub_resource type="Curve" id=7]
_data = [ Vector2( 0, 0 ), 0.0, 0.0, 0, 0, Vector2( 0.483222, 1 ), 0.0, 0.0, 0, 0, Vector2( 1, 0 ), 0.0, 0.0, 0, 0 ]

[sub_resource type="Gradient" id=8]
offsets = PoolRealArray( 0, 0.130909, 0.345455, 0.607273, 1 )
colors = PoolColorArray( 1, 1, 1, 1, 1, 0.648972, 0.164062, 1, 1, 0.475624, 0.136719, 1, 0.888672, 0.17704, 0.17704, 1, 0.203922, 0.203922, 0.203922, 1 )

[sub_resource type="Animation" id=9]
length = 3.0
step = 0.05
tracks/0/type = "value"
tracks/0/path = NodePath("FireBurstParticles2D:emitting")
tracks/0/interp = 1
tracks/0/loop_wrap = true
tracks/0/imported = false
tracks/0/enabled = true
tracks/0/keys = {
"times": PoolRealArray( 0, 0.05, 0.5 ),
"transitions": PoolRealArray( 1, 1, 1 ),
"update": 1,
"values": [ false, true, false ]
}
tracks/1/type = "value"
tracks/1/path = NodePath("SparkleParticles2D:emitting")
tracks/1/interp = 1
tracks/1/loop_wrap = true
tracks/1/imported = false
tracks/1/enabled = true
tracks/1/keys = {
"times": PoolRealArray( 0, 0.05, 0.5 ),
"transitions": PoolRealArray( 1, 1, 1 ),
"update": 1,
"values": [ false, true, false ]
}
tracks/2/type = "value"
tracks/2/path = NodePath("SmokeParticles2D:emitting")
tracks/2/interp = 1
tracks/2/loop_wrap = true
tracks/2/imported = false
tracks/2/enabled = true
tracks/2/keys = {
"times": PoolRealArray( 0, 0.05, 0.5 ),
"transitions": PoolRealArray( 1, 1, 1 ),
"update": 1,
"values": [ false, true, false ]
}
tracks/3/type = "method"
tracks/3/path = NodePath(".")
tracks/3/interp = 1
tracks/3/loop_wrap = true
tracks/3/imported = false
tracks/3/enabled = true
tracks/3/keys = {
"times": PoolRealArray( 3 ),
"transitions": PoolRealArray( 1 ),
"values": [ {
"args": [  ],
"method": "queue_free"
} ]
}

[node name="Explosion" type="Node2D"]
z_index = 1
z_as_relative = false

[node name="SmokeParticles2D" type="CPUParticles2D" parent="."]
emitting = false
amount = 16
one_shot = true
preprocess = 0.6
explosiveness = 0.6
local_coords = false
texture = ExtResource( 3 )
emission_shape = 1
emission_sphere_radius = 10.0
spread = 180.0
gravity = Vector2( 0, 0 )
initial_velocity = 80.0
initial_velocity_random = 0.6
angular_velocity = 40.0
damping = 40.0
damping_random = 0.5
angle = 360.0
angle_random = 1.0
scale_amount_random = 0.5
scale_amount_curve = SubResource( 1 )
color_ramp = SubResource( 2 )

[node name="FireBurstParticles2D" type="CPUParticles2D" parent="."]
modulate = Color( 1.2, 1.2, 1.2, 1 )
emitting = false
amount = 64
lifetime = 0.15
one_shot = true
explosiveness = 0.3
randomness = 1.0
local_coords = false
draw_order = 1
texture = ExtResource( 3 )
spread = 180.0
gravity = Vector2( 0, 0 )
initial_velocity = 350.0
initial_velocity_random = 0.5
angular_velocity = 80.0
angular_velocity_random = 0.8
damping = 100.0
damping_random = 0.85
angle = 220.0
angle_random = 1.0
scale_amount_random = 0.2
scale_amount_curve = SubResource( 5 )
color_ramp = SubResource( 6 )

[node name="SparkleParticles2D" type="CPUParticles2D" parent="."]
modulate = Color( 1.2, 1.2, 1.2, 1 )
emitting = false
amount = 32
lifetime = 0.25
one_shot = true
explosiveness = 0.2
randomness = 1.0
lifetime_randomness = 0.6
local_coords = false
texture = ExtResource( 1 )
emission_shape = 1
emission_sphere_radius = 10.0
spread = 180.0
gravity = Vector2( 0, 0 )
radial_accel = 200.0
radial_accel_random = 0.3
tangential_accel = 100.0
scale_amount = 0.1
scale_amount_random = 0.3
scale_amount_curve = SubResource( 7 )
color_ramp = SubResource( 8 )

[node name="AnimationPlayer" type="AnimationPlayer" parent="."]
autoplay = "Explode"
anims/Explode = SubResource( 9 )
